@article{west1995bayesian,
  title={Bayesian inference in cyclical component dynamic linear models},
  author={West, Mike},
  journal={Journal of the American Statistical Association},
  volume={90},
  number={432},
  pages={1301--1312},
  year={1995},
  publisher={Taylor \& Francis Group}
}

@article{west1997time,
  title={Time series decomposition},
  author={West, Mike},
  journal={Biometrika},
  volume={84},
  number={2},
  pages={489--494},
  year={1997},
  publisher={Biometrika Trust}
}

@article{west1997bayesian,
  title={Bayesian Forecasting and Dynamic Models (Springer Series in Statistics)},
  author={West, Mike and Harrison, Jeff},
  year={1997},
  publisher={Springer}
}
